% This is annote.bib
% Author: Ayman Ammoura
% A demo for CMPUT 603 Fall 2002.
% The order of the following entries is irrelevant. They will be sorted according to the
% bibliography style used.
%%%%%%%%%%%%%%%%%%%%%%%%%%%%%%%%%%%%%%%%%%%%%%%%%%%%%%%%%%%%%%%%%%%%%%%%%%%%%%%%%%%%%%%%%

% The following site..
%%
@misc{Train,
    author = "Assaad MOAWAD",
	title = {Neural networks and back-propagation explained in a simple way},
	howpublished = "\url{https://medium.com/datathings/neural-networks-and-backpropagation-explained-in-a-simple-way-f540a3611f5e}",
}

%%
@misc{OAu,
    author = "Anish Singh Walia",
	title = {Neural networks and back-propagation explained in a simple way},
	howpublished = "\url{https://towardsdatascience.com/types-of-optimization-algorithms-used-in-neural-networks-and-ways-to-optimize-gradient-95ae5d39529f}",
}

%%
@misc{OptimAlgoinNN,
    author = "Mikael Laine",
	title = {Back Propagation Image from a video},
	howpublished = "\url{https://www.youtube.com/watch?v=8d6jf7s6_Qs}",
}

%%
@misc{lbdpq,
	title = {Les bases de PyQt},
	howpublished = "\url{https://tcuvelier.developpez.com/tutoriels/pyqt/bases/}",
}

%%
@misc{,
	title = {Les bases de PyQt},
	howpublished = "\url{https://tcuvelier.developpez.com/tutoriels/pyqt/bases/}",
}

