% This is references.bib
% Author: Emmanoe DELAR, ...
% A demo for CMPUT 603 Fall 2002.
% The order of the following entries is irrelevant. They will be sorted according to the
% bibliography style used.
%%%%%%%%%%%%%%%%%%%%%%%%%%%%%%%%%%%%%%%%%%%%%%%%%%%%%%%%%%%%%%%%%%%%%%%%%%%%%%%%%%%%%%%%%

%few tutorials and ressources that helped us
@misc{linh1,
    author = "LE Van Linh",
	title = {Sequence1},
	howpublished = "\url{http://www.labri.fr/perso/vle/cours/DL/slides/sequence_1.pdf}",
}

%%
@misc{linh2,
    author = "LE Van Linh",
	title = {Sequence2},
	howpublished = "\url{http://www.labri.fr/perso/vle/cours/DL/slides/sequence_2.pdf}",
}

%
@misc{Dltb1,
	title = {Deep Learning Tutorial for Beginners},
	howpublished = "\url{https://www.kaggle.com/kanncaa1/deep-learning-tutorial-for-beginners}",
}

%
@misc{Madn1,
    author = "Josh Patterson, Adam Gibson",
	title = {{Major Architectures of Deep Networks}},
	howpublished = "\url{https://www.oreilly.com/library/view/deep-learning/9781491924570/ch04.html}",
}

%
@misc{Iam1,
    author = "Christian Gagné",
	title = {Introduction à l’apprentissage machine},
	howpublished = "\url{http://vision.gel.ulaval.ca/~cgagne/enseignement/\\apprentissage/A2018/presentations/iam-sem11-pytorch.pdf}",
}

% The following is our reference book for advanced algorithms with pytorch
@book{book1,
  author = {Vishnu Subramanian},
  year = {2018},
  month = {February},
  title = {Deep Learning with Pytorch},
  publisher = {Packt Publishing Ltd.}
}

% The following is an article for Caffe one of our project existing
%%
@article{art1,
  author = {Jia, Yangqing},
  year = {2014},
  title = {Caffe: Convolutional Architecture for Fast Feature Embedding∗},
  publisher = {ucb-icsi-vision-group.github.io}
}



